<record><leader>00000cas a22000007a 4500</leader><controlfield tag="001">11504363</controlfield><controlfield tag="008">841218d18381839ctuwr ne      0    0eng d</controlfield><datafield ind1=" " ind2=" " tag="010"><subfield code="a">sn 84027742 </subfield></datafield><datafield ind1=" " ind2=" " tag="040"><subfield code="a">NPU</subfield><subfield code="b">eng</subfield><subfield code="c">NPU</subfield><subfield code="d">CNW</subfield><subfield code="d">OCL</subfield><subfield code="d">CNW</subfield><subfield code="d">OCLCQ</subfield><subfield code="d">OCLCF</subfield><subfield code="d">OCLCO</subfield></datafield><datafield ind1="1" ind2=" " tag="029"><subfield code="a">AU@</subfield><subfield code="b">000020121075</subfield></datafield><datafield ind1=" " ind2=" " tag="042"><subfield code="a">msc</subfield></datafield><datafield ind1=" " ind2=" " tag="043"><subfield code="a">n-us-ct</subfield></datafield><datafield ind1="0" ind2=" " tag="130"><subfield code="a">Northern watchman (Hartford, Conn.)</subfield></datafield><datafield ind1="1" ind2="0" tag="245"><subfield code="a">Northern watchman.</subfield></datafield><datafield ind1=" " ind2=" " tag="260"><subfield code="a">Hartford, Conn. :</subfield><subfield code="b">Harvey &amp; Geer</subfield></datafield><datafield ind1=" " ind2=" " tag="300"><subfield code="a">v. ;</subfield><subfield code="c">56 cm.</subfield></datafield><datafield ind1=" " ind2=" " tag="310"><subfield code="a">Weekly</subfield></datafield><datafield ind1="1" ind2=" " tag="362"><subfield code="a">Began in 1838.</subfield></datafield><datafield ind1="0" ind2=" " tag="362"><subfield code="a">-v. 4, no. 2 (Jan. 12, 1839).</subfield></datafield><datafield ind1=" " ind2=" " tag="500"><subfield code="a">"A family paper, devoted to sound doctrine, experience, and practice, and general intelligence."</subfield></datafield><datafield ind1=" " ind2=" " tag="515"><subfield code="a">Issues for &lt;July 7, 1838&gt;-Jan. 12, 1839 also called: Whole no &lt;131&gt;-158.</subfield></datafield><datafield ind1=" " ind2=" " tag="530"><subfield code="a">Also issued on microfilm from Connecticut State Library, Hartford, CT.</subfield></datafield><datafield ind1=" " ind2=" " tag="588"><subfield code="a">Description based on: Vol. 3, no. 27 (July 7, 1838).</subfield></datafield><datafield ind1=" " ind2="0" tag="650"><subfield code="a">Congregational churches</subfield><subfield code="z">Connecticut</subfield><subfield code="v">Newspapers.</subfield></datafield><datafield ind1=" " ind2="0" tag="651"><subfield code="a">Hartford (Conn.)</subfield><subfield code="v">Newspapers.</subfield></datafield><datafield ind1=" " ind2="7" tag="655"><subfield code="a">Newspapers.</subfield><subfield code="2">fast</subfield><subfield code="0">(OCoLC)fst01423814</subfield></datafield><datafield ind1=" " ind2="7" tag="650"><subfield code="a">Congregational churches.</subfield><subfield code="2">fast</subfield><subfield code="0">(OCoLC)fst00875181</subfield></datafield><datafield ind1=" " ind2="7" tag="651"><subfield code="a">Connecticut.</subfield><subfield code="2">fast</subfield><subfield code="0">(OCoLC)fst01205688</subfield></datafield><datafield ind1=" " ind2="7" tag="651"><subfield code="a">Connecticut</subfield><subfield code="z">Hartford.</subfield><subfield code="2">fast</subfield><subfield code="0">(OCoLC)fst01207441</subfield></datafield><datafield ind1="1" ind2=" " tag="700"><subfield code="a">Harvey, Joseph,</subfield><subfield code="d">1787-1862.</subfield></datafield><datafield ind1=" " ind2=" " tag="752"><subfield code="a">United States</subfield><subfield code="b">Connecticut</subfield><subfield code="c">Hartford</subfield><subfield code="d">Hartford.</subfield></datafield><datafield ind1="0" ind2="0" tag="780"><subfield code="t">Hartford watchman</subfield><subfield code="w">(DLC)sn 92051542</subfield><subfield code="w">(OCoLC)26984763</subfield></datafield><datafield ind1="0" ind2="0" tag="785"><subfield code="t">Congregationalist (Hartford, Conn.)</subfield><subfield code="w">(DLC)sn 84027732</subfield><subfield code="w">(OCoLC)11488313</subfield></datafield></record>